%% Created using Papers on Tue, 23 May 2017.
%% http://papersapp.com/papers/

@article{Anonymous:hVHZyNFR,
title = {{Saccharomyces}},
year = {2005},
pages = {1--9},
month = feb
}

@article{Anonymous:o5hcwh_z,
title = {{Attempted Expression of a Human Initiator tRNA Gene in}},
year = {2001},
pages = {1--7},
month = jul
}

@article{Anonymous:_giDWEK1,
title = {{Site-specific Mutagenesis on a Human Initiator Methionine tRNA Gene within}},
year = {2001},
pages = {1--8},
month = jul
}

@article{Anonymous:bnteBJtp,
title = {{Compilation of tRNA sequences and sequences of tRNA genes}},
year = {1997},
pages = {1--6},
month = dec
}

@article{Arimbasseri:2013by,
author = {Arimbasseri, A G and Maraia, R J},
title = {{Distinguishing Core and Holoenzyme Mechanisms of Transcription Termination by RNA Polymerase III}},
journal = {Molecular and Cellular Biology},
year = {2013},
volume = {33},
number = {8},
pages = {1571--1581},
month = mar
}

@article{Arimbasseri:2016ey,
author = {Arimbasseri, Aneeshkumar G and Maraia, Richard J},
title = {{RNA Polymerase III Advances: Structural and tRNA Functional Views}},
journal = {Trends in Biochemical Sciences},
year = {2016},
pages = {1--14},
month = apr
}

@article{Arimbasseri:2015jg,
author = {Arimbasseri, Aneeshkumar G and Maraia, Richard J},
title = {{Mechanism of Transcription Termination by RNA Polymerase III Utilizes a Non-template Strand Sequence-Specific Signal Element}},
journal = {Molecular Cell},
year = {2015},
volume = {58},
number = {6},
pages = {1124--1132},
month = jun
}

@article{Arimbasseri:2014hj,
author = {Arimbasseri, Aneeshkumar G and Kassavetis, George A and Maraia, Richard J},
title = {{Transcription. Comment on "Mechanism of eukaryotic RNA polymerase III transcription termination".}},
journal = {Science},
year = {2014},
volume = {345},
number = {6196},
pages = {524--524},
month = aug
}

@article{Arimbasseri:2013dg,
author = {Arimbasseri, Aneeshkumar G and Rijal, Keshab and Maraia, Richard J},
title = {{Transcription termination by the eukaryotic RNA polymerase III}},
journal = {BBA - Gene Regulatory Mechanisms},
year = {2013},
volume = {1829},
number = {3-4},
pages = {318--330},
month = mar
}

@article{Artieri:2014kz,
author = {Artieri, Carlo G and Fraser, Hunter B},
title = {{Accounting for biases in riboprofiling data indicates a major role for proline in stalling translation.}},
journal = {Genome Research},
year = {2014},
volume = {24},
number = {12},
pages = {2011--2021},
month = dec
}

@article{Baltz:2012bh,
author = {Baltz, Alexander G and Munschauer, Mathias and Schwanh{\"a}usser, Bj{\"o}rn and Vasile, Alexandra and Murakawa, Yasuhiro and Schueler, Markus and Youngs, Noah and Penfold-Brown, Duncan and Drew, Kevin and Milek, Miha and Wyler, Emanuel and Bonneau, Richard and Selbach, Matthias and Dieterich, Christoph and Landthaler, Markus},
title = {{The mRNA-Bound Proteome and Its Global Occupancy Profile on Protein-Coding Transcripts}},
journal = {Molecular Cell},
year = {2012},
volume = {46},
number = {5},
pages = {674--690},
month = jun
}

@article{Bayfield:2010cs,
author = {Bayfield, Mark A and Yang, Ruiqing and Maraia, Richard J},
title = {{Conserved and divergent features of the structure and function of La and La-related proteins (LARPs)}},
journal = {BBA - Gene Regulatory Mechanisms},
year = {2010},
volume = {1799},
number = {5-6},
pages = {365--378},
month = may
}

@article{Bayfield:2009cx,
author = {Bayfield, Mark A and Maraia, Richard J},
title = {{Precursor-product discrimination by La protein during tRNA metabolism}},
journal = {Nature Structural {\&} Molecular Biology},
year = {2009},
volume = {16},
number = {4},
pages = {430--437},
month = mar
}

@article{Anonymous:SR4IwQeK,
author = {Bolton, Eric C and Boeke, Jef D},
title = {{Transcriptional interactions between yeast tRNA genes, flanking genes and Ty elements: a genomic point of view.}},
journal = {Genome Research},
year = {2003},
volume = {13},
number = {2},
pages = {254--263},
month = feb
}

@article{Cherkasova:2012fz,
author = {Cherkasova, Vera and Maury, Luis Lopez and Bacikova, Dagmar and Pridham, Kevin and B{\"a}hler, J{\"u}rg and Maraia, Richard J},
title = {{Altered nuclear tRNA metabolism in La-deleted Schizosaccharomyces pombe is accompanied by a nutritional stress response involving Atf1p and Pcr1p that is suppressible by Xpo-t/Los1p.}},
journal = {Molecular Biology of the Cell},
year = {2012},
volume = {23},
number = {3},
pages = {480--491},
month = feb
}

@article{Cozen:2015ds,
author = {Cozen, Aaron E and Quartley, Erin and Holmes, Andrew D and Hrabeta-Robinson, Eva and Phizicky, Eric M and Lowe, Todd M},
title = {{ARM-seq: AlkB-facilitated RNA methylation sequencing reveals a complex landscape of modified tRNA fragments.}},
journal = {Nature Methods},
year = {2015},
volume = {12},
number = {9},
pages = {879--884},
month = sep
}

@article{Dana:2014bs,
author = {Dana, Alexandra and Tuller, Tamir},
title = {{Mean of the typical decoding rates: a new translation efficiency index based on the analysis of ribosome profiling data.}},
journal = {G3 (Bethesda, Md.)},
year = {2014},
volume = {5},
number = {1},
pages = {73--80},
month = dec
}

@article{Dana:2012kq,
author = {Dana, Alexandra and Tuller, Tamir},
title = {{Determinants of Translation Elongation Speed and Ribosomal Profiling Biases in Mouse Embryonic Stem Cells}},
journal = {PLoS Computational Biology},
year = {2012},
volume = {8},
number = {11},
pages = {e1002755--11},
month = nov
}

@article{Dhungel:2012dc,
author = {Dhungel, N and Hopper, A K},
title = {{Beyond tRNA cleavage: novel essential function for yeast tRNA splicing endonuclease unrelated to tRNA processing}},
journal = {Genes {\&} Development},
year = {2012},
volume = {26},
number = {5},
pages = {503--514},
month = mar
}

@article{Dittmar:2004fb,
author = {Dittmar, Kimberly A and Mobley, Evelyn M and Radek, Agnes Jancso and Pan, Tao},
title = {{Exploring the Regulation of tRNA Distribution on the Genomic Scale}},
journal = {Journal of Molecular Biology},
year = {2004},
volume = {337},
number = {1},
pages = {31--47},
month = mar
}

@article{Dubrovsky:2004dm,
author = {Dubrovsky, E B},
title = {{Drosophila RNase Z processes mitochondrial and nuclear pre-tRNA 3' ends in vivo}},
journal = {Nucleic Acids Research},
year = {2004},
volume = {32},
number = {1},
pages = {255--262},
month = jan
}

@article{Foretek:2016ea,
author = {Foretek, Dominika and Wu, Jingyan and Hopper, Anita K and Boguta, Magdalena},
title = {{Control of Saccharomyces cerevisiae pre-tRNA processing by environmental conditions.}},
journal = {RNA},
year = {2016},
pages = {1--12},
month = jan
}

@article{Garzia:2016cx,
author = {Garzia, Aitor and Meyer, Cindy and Morozov, Pavel and Sajek, Marcin and Tuschl, Thomas},
title = {{Optimization of PAR-CLIP for transcriptome-wide identification of binding sites of RNA-binding proteins}},
journal = {Methods},
year = {2016},
pages = {1--17},
month = oct
}

@article{Gebetsberger:2014bg,
author = {Gebetsberger, Jennifer and Polacek, Norbert},
title = {{Slicing tRNAs to boost functional ncRNA diversity}},
journal = {RNA Biology},
year = {2014},
volume = {10},
number = {12},
pages = {1798--1806},
month = oct
}

@article{Gingold:2014iz,
author = {Gingold, Hila and Tehler, Disa and Christoffersen, Nanna R and Nielsen, Morten M and Asmar, Fazila and Kooistra, Susanne M and Christophersen, Nicolaj S and Christensen, Lise Lotte and Borre, Michael and S{\o}rensen, Karina D and Andersen, Lars D and Andersen, Claus L and Hulleman, Esther and Wurdinger, Tom and Ralfki{\ae}r, Elisabeth and Helin, Kristian and Gr{\o}nb{\ae}k, Kirsten and {\O}rntoft, Torben and Waszak, Sebastian M and Dahan, Orna and Pedersen, Jakob Skou and Lund, Anders H and Pilpel, Yitzhak},
title = {{A Dual Programfor Translation Regulationin Cellular Proliferation and Differentiation}},
journal = {Cell},
year = {2014},
volume = {158},
number = {6},
pages = {1281--1292},
month = sep
}

@article{Goodarzi:2016gd,
author = {Goodarzi, Hani and Nguyen, Hoang C B and Zhang, Steven and Dill, Brian D and Molina, Henrik and Tavazoie, Sohail F},
title = {{Modulated Expression of Specific tRNAs Drives Gene Expression and Cancer Progression}},
journal = {Cell},
year = {2016},
volume = {165},
number = {6},
pages = {1416--1427},
month = jun
}

@article{GriffithsJones:2007ek,
author = {Griffiths-Jones, Sam},
title = {{Annotating Noncoding RNA Genes}},
journal = {Annual Review of Genomics and Human Genetics},
year = {2007},
volume = {8},
number = {1},
pages = {279--298},
month = sep
}

@article{Gu:2003jj,
author = {Gu, W},
title = {{tRNAHis maturation: An essential yeast protein catalyzes addition of a guanine nucleotide to the 5' end of tRNAHis}},
journal = {Genes {\&} Development},
year = {2003},
volume = {17},
number = {23},
pages = {2889--2901},
month = dec
}

@article{Haeusler:2008hz,
author = {Haeusler, R A and Pratt-Hyatt, M and Good, P D and Gipson, T A and Engelke, D R},
title = {{Clustering of yeast tRNA genes is mediated by specific association of condensin with tRNA gene transcription complexes}},
journal = {Genes {\&} Development},
year = {2008},
volume = {22},
number = {16},
pages = {2204--2214},
month = aug
}

@article{Hafner:2012eaa,
author = {Hafner, Markus and Renwick, Neil and Farazi, Thalia A and Mihailovi{\'c}, Aleksandra and Pena, John T G and Tuschl, Thomas},
title = {{Barcoded cDNA library preparation for small RNA profiling by next-generation sequencing}},
journal = {Methods},
year = {2012},
volume = {58},
number = {2},
pages = {164--170},
month = oct
}

@article{Anonymous:fEzK0GIJ,
author = {Hani, J and Feldmann, H},
title = {{tRNA genes and retroelements in the yeast genome.}},
journal = {Nucleic Acids Research},
year = {1998},
volume = {26},
number = {3},
pages = {689--696},
month = feb
}

@book{Hartmann:2009fr,
author = {Hartmann, Roland K and {\ss}ringer, Markus Go and th, Bettina Spa and Fischer, Susan and Marchfelder, Anita},
title = {{Chapter 8 - The Making of tRNAs and More - RNase P and tRNase Z}},
publisher = {Elsevier Inc.},
year = {2009},
volume = {85},
series = {Progress in Molecular Biology and Translational Science},
edition = {1}
}

@article{Hasler:2016ce,
author = {Hasler, Daniele and Lehmann, Gerhard and Murakawa, Yasuhiro and Klironomos, Filippos and Jakob, Leonhard and Gr{\"a}sser, Friedrich A and Rajewsky, Nikolaus and Landthaler, Markus and Meister, Gunter},
title = {{The Lupus Autoantigen La Prevents Mis-channeling of tRNA Fragments into the Human MicroRNA Pathway.}},
journal = {Molecular Cell},
year = {2016},
volume = {63},
number = {1},
pages = {110--124},
month = jul
}

@article{Hopper:2013dl,
author = {Hopper, Anita K},
title = {{Transfer RNA post-transcriptional processing, turnover, and subcellular dynamics in the yeast Saccharomyces cerevisiae.}},
journal = {Genetics},
year = {2013},
volume = {194},
number = {1},
pages = {43--67},
month = may
}

@article{Hopper:2010ho,
author = {Hopper, Anita K and Pai, Dave A and Engelke, David R},
title = {{Cellular dynamics of tRNAs and their genes}},
journal = {FEBS Letters},
year = {2010},
volume = {584},
number = {2},
pages = {310--317},
month = jan
}

@article{Huang:2015gk,
author = {Huang, Hsiao-Yun and Hopper, Anita K},
title = {{In vivo biochemical analyses reveal distinct roles of $\beta$-importins and eEF1A in tRNA subcellular traffic}},
journal = {Genes {\&} Development},
year = {2015},
volume = {29},
number = {7},
pages = {772--783},
month = apr
}

@article{Iben:2014dt,
author = {Iben, James R and Maraia, Richard J},
title = {{tRNA gene copy number variation in humans}},
journal = {Gene},
year = {2014},
volume = {536},
number = {2},
pages = {376--384},
month = feb
}

@article{Iben:2012cy,
author = {Iben, James R and Maraia, Richard J},
title = {{tRNAomics: tRNA gene copy number variation and codon use provide bioinformatic evidence of a new anticodon:codon wobble pair in a eukaryote.}},
journal = {RNA},
year = {2012},
volume = {18},
number = {7},
pages = {1358--1372},
month = jul
}

@article{Ivanov:2011iu,
author = {Ivanov, Pavel and Emara, Mohamed M and Villen, Judit and Gygi, Steven P and Anderson, Paul},
title = {{Angiogenin-Induced tRNA Fragments Inhibit Translation Initiation}},
journal = {Molecular Cell},
year = {2011},
volume = {43},
number = {4},
pages = {613--623},
month = aug
}

@article{Juhling:2009ip,
author = {Juhling, F and Morl, M and HARTMANN, R K and Sprinzl, M and Stadler, P F and Putz, J},
title = {{tRNAdb 2009: compilation of tRNA sequences and tRNA genes}},
journal = {Nucleic Acids Research},
year = {2009},
volume = {37},
number = {Database},
pages = {D159--D162},
month = jan
}

@article{Karaca:2014em,
author = {Karaca, Ender and Weitzer, Stefan and Pehlivan, Davut and Shiraishi, Hiroshi and Gogakos, Tasos and Hanada, Toshikatsu and Jhangiani, Shalini N and Wiszniewski, Wojciech and Withers, Marjorie and Campbell, Ian M and Erdin, Serkan and Isikay, Sedat and Franco, Luis M and Gonzaga-Jauregui, Claudia and Gambin, Tomasz and Gelowani, Violet and Hunter, Jill V and Yesil, Gozde and Koparir, Erkan and Yilmaz, Sarenur and Brown, Miguel and Briskin, Daniel and Hafner, Markus and Morozov, Pavel and Farazi, Thalia A and Bernreuther, Christian and Glatzel, Markus and Trattnig, Siegfried and Friske, Joachim and Kronnerwetter, Claudia and Bainbridge, Matthew N and Gezdirici, Alper and Seven, Mehmet and Muzny, Donna M and Boerwinkle, Eric and Ozen, Mustafa and {Baylor Hopkins Center for Mendelian Genomics} and Clausen, Tim and Tuschl, Thomas and Yuksel, Adnan and Hess, Andreas and Gibbs, Richard A and Martinez, Javier and Penninger, Josef M and Lupski, James R},
title = {{Human CLP1 Mutations Alter tRNA Biogenesis, Affecting Both Peripheral and Central Nervous System Function}},
journal = {Cell},
year = {2014},
volume = {157},
number = {3},
pages = {636--650},
month = apr
}

@article{Keller:2013ca,
author = {Keller, Claudia and Kulasegaran-Shylini, Raghavendran and Shimada, Yukiko and Hotz, Hans-Rudolf and hler, Marc B uuml},
title = {{Noncoding RNAs prevent spreading of a repressive histone mark}},
journal = {Nature Structural {\&}amp; Molecular Biology},
year = {2013},
pages = {1--8},
month = jul
}

@article{Kirchner:2014bq,
author = {Kirchner, Sebastian and Ignatova, Zoya},
title = {{Emerging roles of tRNA in adaptive translation, signalling dynamics and disease}},
journal = {Nature Publishing Group},
year = {2014},
volume = {16},
number = {2},
pages = {98--112},
month = dec
}

@article{Anonymous:2013fv,
author = {Kishore, Shivendra and Gruber, Andreas R and Jedlinski, Dominik J and Syed, Afzal P and Jorjani, Hadi and Zavolan, Mihaela},
title = {{Insights into snoRNA biogenesis and processing from PAR-CLIP of snoRNA core proteins and small RNA sequencing.}},
journal = {Genome Biology},
year = {2013},
volume = {14},
number = {5},
pages = {R45}
}

@article{Kolitz:2010hka,
author = {Kolitz, Sarah E and Lorsch, Jon R},
title = {{Eukaryotic initiator tRNA: Finely tuned and ready for action}},
journal = {FEBS Letters},
year = {2010},
volume = {584},
number = {2},
pages = {396--404},
month = jan
}

@article{Kolitz:2010hk,
author = {Kolitz, Sarah E and Lorsch, Jon R},
title = {{Eukaryotic initiator tRNA: Finely tuned and ready for action}},
journal = {FEBS Letters},
year = {2010},
volume = {584},
number = {2},
pages = {396--404},
month = jan
}

@article{Kutter:2011ff,
author = {Kutter, Claudia and Brown, Gordon D and Gon{\c c}alves, {\^A}ngela and Wilson, Michael D and Watt, Stephen and Brazma, Alvis and White, Robert J and Odom, Duncan T},
title = {{Pol III binding in six mammals shows conservation among amino acid isotypes despite divergence among tRNA genes}},
journal = {Nature Genetics},
year = {2011},
volume = {43},
number = {10},
pages = {948--955},
month = aug
}

@article{Lee:2009fb,
author = {Lee, Yong Sun and Shibata, Yoshiyuki and Malhotra, Ankit and Dutta, Anindya},
title = {{A novel class of small RNAs: tRNA-derived RNA fragments (tRFs).}},
journal = {Genes {\&} Development},
year = {2009},
volume = {23},
number = {22},
pages = {2639--2649},
month = nov
}

@article{Lowe:1997uc,
author = {Lowe, T M and Eddy, S R},
title = {{tRNAscan-SE: a program for improved detection of transfer RNA genes in genomic sequence.}},
journal = {Nucleic Acids Research},
year = {1997},
volume = {25},
number = {5},
pages = {955--964},
month = mar
}

@article{Machnicka:2013ky,
author = {Machnicka, Magdalena A and Milanowska, Kaja and Osman Oglou, Okan and Purta, Elzbieta and Kurkowska, Malgorzata and Olchowik, Anna and Januszewski, Witold and Kalinowski, Sebastian and Dunin-Horkawicz, Stanislaw and Rother, Kristian M and Helm, Mark and Bujnicki, Janusz M and Grosjean, Henri},
title = {{MODOMICS: a database of RNA modification pathways--2013 update.}},
journal = {Nucleic Acids Research},
year = {2013},
volume = {41},
number = {Database issue},
pages = {D262--7},
month = jan
}

@article{Mahlab:2012dg,
author = {Mahlab, S and Tuller, T and Linial, M},
title = {{Conservation of the relative tRNA composition in healthy and cancerous tissues}},
journal = {RNA},
year = {2012},
volume = {18},
number = {4},
pages = {640--652},
month = mar
}

@article{Maraia:2010kx,
author = {Maraia, Richard J and Lamichhane, Tek N},
title = {{3{\textasciiacute} processing of eukaryotic precursor tRNAs}},
journal = {Wiley Interdisciplinary Reviews: RNA},
year = {2010},
volume = {2},
number = {3},
pages = {362--375},
month = nov
}

@article{Maraia:2006in,
author = {Maraia, Richard J and Bayfield, Mark A},
title = {{The La Protein-RNA Complex Surfaces}},
journal = {Molecular Cell},
year = {2006},
volume = {21},
number = {2},
pages = {149--152},
month = jan
}

@article{Moqtaderi:2010hc,
author = {Moqtaderi, Zarmik and Wang, Jie and Raha, Debasish and White, Robert J and Snyder, Michael and Weng, Zhiping and Struhl, Kevin},
title = {{Genomic binding profiles of functionally distinct RNA polymerase III transcription complexes in human cells}},
journal = {Nature Structural {\&} Molecular Biology},
year = {2010},
volume = {17},
number = {5},
pages = {635--640},
month = apr
}

@article{Namavar:2011ew,
author = {Namavar, Yasmin and Barth, Peter G and Poll-The, Bwee Tien and Baas, Frank},
title = {{Classification, diagnosis and potential mechanisms in Pontocerebellar Hypoplasia}},
journal = {Orphanet Journal of Rare Diseases},
year = {2011},
volume = {6},
number = {1},
pages = {50},
month = jul
}

@article{Nielsen:2013be,
author = {Nielsen, Soren and Yuzenkova, Yulia and Zenkin, Nikolay},
title = {{Mechanism of eukaryotic RNA polymerase III transcription termination.}},
journal = {Science},
year = {2013},
volume = {340},
number = {6140},
pages = {1577--1580},
month = jun
}

@article{Oler:2010fb,
author = {Oler, Andrew J and Alla, Ravi K and Roberts, Douglas N and Wong, Alexander and Hollenhorst, Peter C and Chandler, Katherine J and Cassiday, Patrick A and Nelson, Cassie A and Hagedorn, Curt H and Graves, Barbara J and Cairns, Bradley R},
title = {{nsmb.1801}},
journal = {Nature Structural {\&} Molecular Biology},
year = {2010},
volume = {17},
number = {5},
pages = {620--628},
month = apr
}

@article{Orioli:2011hc,
author = {Orioli, A and Pascali, C and Quartararo, J and Diebel, K W and Praz, V and Romascano, D and Percudani, R and van Dyk, L F and Hernandez, N and Teichmann, M and Dieci, G},
title = {{Widespread occurrence of non-canonical transcription termination by human RNA polymerase III}},
journal = {Nucleic Acids Research},
year = {2011},
volume = {39},
number = {13},
pages = {5499--5512},
month = jul
}

@article{Pechmann:2012ey,
author = {Pechmann, Sebastian and Frydman, Judith},
title = {{Evolutionary conservation of codon optimality reveals hidden signatures of cotranslational folding}},
journal = {Nature Publishing Group},
year = {2012},
volume = {20},
number = {2},
pages = {237--243},
month = dec
}

@article{Phizicky:2015ci,
author = {Phizicky, Eric M and Hopper, Anita K},
title = {{tRNA processing, modification, and subcellular dynamics: past, present, and future}},
journal = {RNA},
year = {2015},
volume = {21},
number = {4},
pages = {483--485},
month = mar
}

@article{Phizicky:2010jf,
author = {Phizicky, Eric M and Hopper, Anita K},
title = {{tRNA biology charges to the front.}},
journal = {Genes {\&} Development},
year = {2010},
volume = {24},
number = {17},
pages = {1832--1860},
month = sep
}

@article{Plotkin:2010fu,
author = {Plotkin, Joshua B and Kudla, Grzegorz},
title = {{Synonymous but not the same: the causes and consequences of codon bias.}},
journal = {Nature Reviews Genetics},
year = {2011},
volume = {12},
number = {1},
pages = {32--42},
month = jan
}

@article{Presnyak:2015jb,
author = {Presnyak, Vladimir and Alhusaini, Najwa and Chen, Ying-Hsin and Martin, Sophie and Morris, Nathan and Kline, Nicholas and Olson, Sara and Weinberg, David and Baker, Kristian E and Graveley, Brenton R and Coller, Jeff},
title = {{Codon Optimality Is a Major Determinant of mRNA Stability}},
journal = {Cell},
year = {2015},
volume = {160},
number = {6},
pages = {1111--1124},
month = mar
}

@article{Redko:2007bt,
author = {Redko, Yulia and Li de laSierra-Gallay, In{\'e}s and Condon, Ciar{\'a}n},
title = {{When all's zed and done: the structure and function of RNase Z in prokaryotes}},
journal = {Nature Reviews Microbiology},
year = {2007},
volume = {5},
number = {4},
pages = {278--286},
month = apr
}

@article{Rijal:2012cd,
author = {Rijal, K and Maraia, R J},
title = {{RNA polymerase III mutants in TFIIF~-like C37 that cause terminator readthrough with no decrease in transcription output}},
journal = {Nucleic Acids Research},
year = {2012},
volume = {41},
number = {1},
pages = {139--155},
month = dec
}

@article{Rossmanith:2012bg,
author = {Rossmanith, Walter},
title = {{Of P and Z: Mitochondrial tRNA processing enzymes}},
journal = {BBA - Gene Regulatory Mechanisms},
year = {2012},
volume = {1819},
number = {9-10},
pages = {1017--1026},
month = sep
}

@article{Saikia:2010eq,
author = {Saikia, M and Fu, Y and Pavon-Eternod, M and He, C and Pan, T},
title = {{Genome-wide analysis of N1-methyl-adenosine modification in human tRNAs}},
journal = {RNA},
year = {2010},
volume = {16},
number = {7},
pages = {1317--1327},
month = jun
}

@article{Sarin:2015ht,
author = {Sarin, L Peter and Leidel, Sebastian A},
title = {{Modify or die? - RNA modification defects in metazoans}},
journal = {RNA Biology},
year = {2015},
pages = {00--00},
month = feb
}

@article{Schaffer:2014hz,
author = {Schaffer, Ashleigh E and Eggens, Veerle R C and Caglayan, Ahmet Okay and Reuter, Miriam S and Scott, Eric and Coufal, Nicole G and Silhavy, Jennifer L and Xue, Yuanchao and Kayserili, Hulya and Yasuno, Katsuhito and Rosti, Rasim Ozgur and Abdellateef, Mostafa and Caglar, Caner and Kasher, Paul R and Cazemier, J Leonie and Weterman, Marian A and Cantagrel, Vincent and Cai, Na and Zweier, Christiane and Altunoglu, Umut and Satkin, N Bilge and Aktar, Fesih and Tuysuz, Beyhan and Yalcinkaya, Cengiz and Caksen, Huseyin and Bilguvar, Kaya and Fu, Xiang-Dong and Trotta, Christopher R and Gabriel, Stacey and Reis, Andr{\'e} and Gunel, Murat and Baas, Frank and Gleeson, Joseph G},
title = {{CLP1 Founder Mutation Links tRNA Splicing and Maturation to Cerebellar Development and Neurodegeneration}},
journal = {Cell},
year = {2014},
volume = {157},
number = {3},
pages = {651--663},
month = apr
}

@article{Spath:2007eo,
author = {Spath, B and Canino, G and Marchfelder, A},
title = {{tRNase Z: the end is not in sight.}},
journal = {Cellular and Molecular Life Sciences},
year = {2007},
volume = {64},
number = {18},
pages = {2404--2412},
month = sep
}

@book{Spitzer:2013fk,
author = {Spitzer, Jessica and Landthaler, Markus and Tuschl, Thomas},
title = {{Rapid Creation of Stable Mammalian Cell Lines for Regulated Expression of Proteins Using the Gateway{\textregistered} Recombination Cloning Technology and Flp-In T-REx{\textregistered} Lines}},
publisher = {Elsevier Inc.},
year = {2013},
volume = {529},
series = {Methods in Enzymology},
edition = {1}
}

@article{Stefano:1984wp,
author = {Stefano, J E},
title = {{Purified lupus antigen La recognizes an oligouridylate stretch common to the 3' termini of RNA polymerase III transcripts.}},
journal = {Cell},
year = {1984},
volume = {36},
number = {1},
pages = {145--154},
month = jan
}

@article{Teplova:2006dv,
author = {Teplova, Marianna and Yuan, Yu-Ren and Phan, Anh Tu{\^a}n and Malinina, Lucy and Ilin, Serge and Teplov, Alexei and Patel, Dinshaw J},
title = {{Structural Basis for Recognition and Sequestration of UUUOH 3{\textasciiacute} Temini of Nascent RNA Polymerase III Transcripts by La, a Rheumatic Disease Autoantigen}},
journal = {Molecular Cell},
year = {2006},
volume = {21},
number = {1},
pages = {75--85},
month = jan
}

@article{Torres:2015ed,
author = {Torres, A G and Pineyro, D and Rodriguez-Escriba, M and Camacho, N and Reina, O and Saint-Leger, A and Filonava, L and Batlle, E and Ribas de Pouplana, L},
title = {{Inosine modifications in human tRNAs are incorporated at the precursor tRNA level}},
journal = {Nucleic Acids Research},
year = {2015},
pages = {1--13},
month = apr
}

@article{Tuller:2010ge,
author = {Tuller, Tamir and Carmi, Asaf and Vestsigian, Kalin and Navon, Sivan and Dorfan, Yuval and Zaborske, John and Pan, Tao and Dahan, Orna and Furman, Itay and Pilpel, Yitzhak},
title = {{An Evolutionarily Conserved Mechanism for Controlling the Efficiency of Protein Translation}},
journal = {Cell},
year = {2010},
volume = {141},
number = {2},
pages = {344--354},
month = apr
}

@article{Turowski:2016hj,
author = {Turowski, Tomasz W and Le{\'{s}}niewska, Ewa and Delan-Forino, Clementine and Sayou, Camille and Boguta, Magdalena and Tollervey, David},
title = {{Global analysis of transcriptionally engaged yeast RNA polymerase III reveals extended tRNA transcripts.}},
journal = {Genome Research},
year = {2016},
pages = {gr.205492.116--13},
month = may
}

@article{Underwood:2010fr,
author = {Underwood, Jason G and Uzilov, Andrew V and Katzman, Sol and Onodera, Courtney S and Mainzer, Jacob E and Mathews, David H and Lowe, Todd M and Salama, Sofie R and Haussler, David},
title = {{FragSeq: transcriptome-wide RNA structure probing using high-throughput sequencing}},
journal = {Nature Methods},
year = {2010},
volume = {7},
number = {12},
pages = {995--1001},
month = nov
}

@article{Weinberg:2016kh,
author = {Weinberg, David E and Shah, Premal and Eichhorn, Stephen W and Hussmann, Jeffrey A and Plotkin, Joshua B and Bartel, David P},
title = {{Improved Ribosome-Footprint and mRNA Measurements Provide Insights into Dynamics and Regulation of Yeast Translation}},
journal = {CellReports},
year = {2016},
volume = {14},
number = {7},
pages = {1787--1799},
month = feb
}

@article{Whitney:2007dk,
author = {Whitney, Michael L and Hurto, Rebecca L and Shaheen, Hussam H and Hopper, Anita K},
title = {{Rapid and reversible nuclear accumulation of cytoplasmic tRNA in response to nutrient availability.}},
journal = {Molecular Biology of the Cell},
year = {2007},
volume = {18},
number = {7},
pages = {2678--2686},
month = jul
}

@article{Wu:2014fb,
author = {Wu, J and Hopper, A K},
title = {{Healing for destruction: tRNA intron degradation in yeast is a two-step cytoplasmic process catalyzed by tRNA ligase Rlg1 and 5'-to-3' exonuclease Xrn1}},
journal = {Genes {\&} Development},
year = {2014},
volume = {28},
number = {14},
pages = {1556--1561},
month = jul
}

@article{Zheng:2015dw,
author = {Zheng, Guanqun and Qin, Yidan and Clark, Wesley C and Dai, Qing and Yi, Chengqi and He, Chuan and Lambowitz, Alan M and Pan, Tao},
title = {{Efficient and quantitative high-throughput tRNA sequencing}},
journal = {Nature Methods},
year = {2015},
pages = {1--5},
month = jul
}

@book{Woese:1967,
author = {Woese, Carl},
title = {{The Genetic Code. The Molecular basis for Genetic Expression}},
publisher = {Harper},
year = {1967},
edition = {1}
}

@book{Soll:1995,
author = {Soll, Dieter and RajBhandary, Uttam},
title = {{tRNA: Structure, Biosynthesis and Function}},
publisher = {ASM press},
year = {1995},
edition = {1}
}


@misc{Crick:1955,
author = {Crick, Francis H C},
title = {{From DNA to protein On degenerate templates and the adapter hypothesis: a note for the RNA Tie Club}},
year = {1955}
}

@article{Haussecker:2010hda,
author = {Haussecker, D and Huang, Y and Lau, A and Parameswaran, P and Fire, A Z and Kay, M A},
title = {{Human tRNA-derived small RNAs in the global regulation of RNA silencing}},
journal = {RNA},
year = {2010},
volume = {16},
number = {4},
pages = {673--695},
month = mar
}

@article{Babiarz:2008bs,
author = {Babiarz, Joshua E and Ruby, J Graham and Wang, Yangming and Bartel, David P and Blelloch, Robert},
title = {{Mouse ES cells express endogenous shRNAs, siRNAs, and other Microprocessor-independent, Dicer-dependent small RNAs.}},
journal = {Genes {\&} Development},
year = {2008},
volume = {22},
number = {20},
pages = {2773--2785},
month = oct
}

@article{Ivanov:2011iu,
author = {Ivanov, Pavel and Emara, Mohamed M and Villen, Judit and Gygi, Steven P and Anderson, Paul},
title = {{Angiogenin-Induced tRNA Fragments Inhibit Translation Initiation}},
journal = {Molecular Cell},
year = {2011},
volume = {43},
number = {4},
pages = {613--623},
month = aug
}

@article{Cooper:2009da,
author = {Cooper, Thomas A and Wan, Lili and Dreyfuss, Gideon},
title = {{RNA and Disease}},
journal = {Cell},
year = {2009},
volume = {136},
number = {4},
pages = {777--793},
month = feb
}

@article{Park:2008gg,
author = {Park, Sang Gyu and Schimmel, Paul and Kim, Sunghoon},
title = {{Aminoacyl tRNA synthetases and their connections to disease.}},
journal = {Proceedings of the National Academy of Sciences of the United States of America},
year = {2008},
volume = {105},
number = {32},
pages = {11043--11049},
month = aug
}

@incollection{Griffiths:2011ge,
author = {Griffiths, Elinor J},
title = {{Mitochondria and Heart Disease}},
year = {2011},
pages = {249--267},
publisher = {Springer Netherlands},
address = {Dordrecht},
month = dec
}

@article{McFarland:2004fz,
author = {McFarland, Robert and Elson, Joanna L and Taylor, Robert W and Howell, Neil and Turnbull, Douglass M},
title = {{Assigning pathogenicity to mitochondrial tRNA mutations: when {\textquoteleft}definitely maybe{\textquoteright} is not good enough}},
journal = {Trends in Genetics},
year = {2004},
volume = {20},
number = {12},
pages = {591--596},
month = dec
}

@article{Paushkin:2004wl,
author = {Paushkin, Sergey V and Patel, Meenal and Furia, Bansri S and Peltz, Stuart W and Trotta, Christopher R},
title = {{Identification of a human endonuclease complex reveals a link between tRNA splicing and pre-mRNA 3' end formation.}},
journal = {Cell},
year = {2004},
volume = {117},
number = {3},
pages = {311--321},
month = apr
}

@book{trotta1999trna,
  title={{The RNA World}},
  editor = {Gesteland, Raymond F and Cech, Thomas R and Atkins, John F},
  author={Trotta, Christopher R and Abelson, John},
  chapter={tRNA Splicing: An RNA World Add-on or an Ancient Reaction?},
  pages={561--584},
  year={1999},
  edition = {Second edition},
  publisher={Cold Spring Harbor Laboratory Press}

}

@article{Popow:2014ita,
author = {Popow, Johannes and Jurkin, Jennifer and Schleiffer, Alexander and Martinez, Javier},
title = {{Analysis of orthologous groups reveals archease and DDX1 as tRNA splicing factors}},
journal = {Nature},
year = {2014},
volume = {511},
number = {7507},
pages = {104--107},
month = jun
}

@article{Popow:2011ffa,
author = {Popow, Johannes and Englert, Markus and Weitzer, Stefan and Schleiffer, Alexander and Mierzwa, Beata and Mechtler, Karl and Trowitzsch, Simon and Will, Cindy L and L{\"u}hrmann, Reinhard and S{\"o}ll, Dieter and Martinez, Javier},
title = {{HSPC117 is the essential subunit of a human tRNA splicing ligase complex.}},
journal = {Science},
year = {2011},
volume = {331},
number = {6018},
pages = {760--764},
month = feb
}

@article{Weitzer:2007hda,
author = {Weitzer, Stefan and Martinez, Javier},
title = {{The human RNA kinase hClp1 is active on 3{\textasciiacute} transfer RNA exons and short interfering RNAs}},
journal = {Nature},
year = {2007},
volume = {447},
number = {7141},
pages = {222--226},
month = may
}

@article{Dittmar:2006du,
author = {Dittmar, Kimberly A and Goodenbour, Jeffrey M and Pan, Tao},
title = {{Tissue-Specific Differences in Human Transfer RNA Expression}},
journal = {PLoS Genetics},
year = {2006},
volume = {2},
number = {12},
pages = {e221}
}

@article{Chan:2009dz,
author = {Chan, P P and Lowe, T M},
title = {{GtRNAdb: a database of transfer RNA genes detected in genomic sequence}},
journal = {Nucleic Acids Research},
year = {2009},
volume = {37},
number = {Database},
pages = {D93--D97},
month = jan
}

@article{Gu:2003jj,
author = {Gu, W},
title = {{tRNAHis maturation: An essential yeast protein catalyzes addition of a guanine nucleotide to the 5' end of tRNAHis}},
journal = {Genes {\&} Development},
year = {2003},
volume = {17},
number = {23},
pages = {2889--2901},
month = dec
}

@article{Jackman:2012ki,
author = {Jackman, Jane E and Alfonzo, Juan D},
title = {{Transfer RNA modifications: nature's combinatorial chemistry playground}},
journal = {Wiley Interdisciplinary Reviews: RNA},
year = {2012},
volume = {4},
number = {1},
pages = {35--48},
month = nov
}

@article{Lee:2013cg,
author = {Lee, Jae-Hyung and Ang, Jason K and Xiao, Xinshu},
title = {{Analysis and design of RNA sequencing experiments for identifying RNA editing and other single-nucleotide variants.}},
journal = {RNA},
year = {2013},
volume = {19},
number = {6},
pages = {725--732},
month = jun
}

@article{Gustilo:2008ge,
author = {Gustilo, Estella M and Vendeix, Franck AP and Agris, Paul F},
title = {{tRNA's modifications bring order to gene expression}},
journal = {Current Opinion in Microbiology},
year = {2008},
volume = {11},
number = {2},
pages = {134--140},
month = apr
}

%% Created using Papers on Tue, 30 May 2017.
%% http://papersapp.com/papers/

@article{Weitzer:2014bi,
author = {Weitzer, Stefan and Hanada, Toshikatsu and Penninger, Josef M and Martinez, Javier},
title = {{CLP1 as a novel player in linking tRNA splicing to neurodegenerative disorders}},
journal = {Wiley Interdisciplinary Reviews: RNA},
year = {2014},
volume = {6},
number = {1},
pages = {n/a--n/a},
month = aug
}

@article{Hanada:2013bk,
author = {Hanada, Toshikatsu and Weitzer, Stefan and Mair, Barbara and Bernreuther, Christian and Wainger, Brian J and Ichida, Justin and Hanada, Reiko and Orthofer, Michael and Cronin, Shane J and Komnenovic, Vukoslav and Minis, Adi and Sato, Fuminori and Mimata, Hiromitsu and Yoshimura, Akihiko and Tamir, Ido and Rainer, Johannes and Kofler, Reinhard and Yaron, Avraham and Eggan, Kevin C and Woolf, Clifford J and Glatzel, Markus and Herbst, Ruth and Martinez, Javier and Penninger, Josef M},
title = {{CLP1 links tRNA metabolism to progressive motor-neuron loss}},
journal = {Nature},
year = {2013},
pages = {1--7},
month = mar
}

@article{Konig:2011jv,
author = {K{\"o}nig, Julian and Zarnack, Kathi and Luscombe, Nicholas M and Ule, Jernej},
title = {{Protein-RNA interactions: new genomic technologies and perspectives.}},
journal = {Nature Publishing Group},
year = {2011},
volume = {13},
number = {2},
pages = {77--83},
month = feb
}

@article{Hafner:2010kr,
author = {Hafner, Markus and Landthaler, Markus and Burger, Lukas and Khorshid, Mohsen and Hausser, Jean and Berninger, Philipp and Rothballer, Andrea and Ascano Jr, Manuel and Jungkamp, Anna-Carina and Munschauer, Mathias and Ulrich, Alexander and Wardle, Greg S and Dewell, Scott and Zavolan, Mihaela and Tuschl, Thomas},
title = {{Transcriptome-wide Identification of RNA-Binding Protein and MicroRNA Target Sites by PAR-CLIP}},
journal = {Cell},
year = {2010},
volume = {141},
number = {1},
pages = {129--141},
month = apr
}

@article{Lorenz:2011it,
author = {Lorenz, Ronny and Bernhart, Stephan H and H{\"o}ner Zu Siederdissen, Christian and Tafer, Hakim and Flamm, Christoph and Stadler, Peter F and Hofacker, Ivo L},
title = {{ViennaRNA Package 2.0.}},
journal = {Algorithms for molecular biology : AMB},
year = {2011},
volume = {6},
number = {1},
pages = {26},
month = nov
}

